<record><leader>00000cas a22000007a 4500</leader><controlfield tag="001">21175137</controlfield><controlfield tag="008">900306d18571857nyudr ne      0    0eng d</controlfield><datafield ind1=" " ind2=" " tag="010"><subfield code="a">sn 90066013 </subfield></datafield><datafield ind1=" " ind2=" " tag="040"><subfield code="a">NYS</subfield><subfield code="b">eng</subfield><subfield code="c">NYS</subfield><subfield code="d">OCL</subfield><subfield code="d">OCLCQ</subfield><subfield code="d">OCLCF</subfield><subfield code="d">OCLCO</subfield></datafield><datafield ind1=" " ind2=" " tag="042"><subfield code="a">msc</subfield></datafield><datafield ind1=" " ind2=" " tag="043"><subfield code="a">n-us-ny</subfield></datafield><datafield ind1="0" ind2=" " tag="130"><subfield code="a">Newburgh daily news (Newburgh, N.Y. : 1857)</subfield></datafield><datafield ind1="1" ind2="0" tag="245"><subfield code="a">Newburgh daily news.</subfield></datafield><datafield ind1="3" ind2="0" tag="246"><subfield code="a">Daily Newburgh news</subfield></datafield><datafield ind1="3" ind2="0" tag="246"><subfield code="a">Daily news</subfield></datafield><datafield ind1=" " ind2=" " tag="260"><subfield code="a">Newburgh, N.Y. :</subfield><subfield code="b">E.W. Gray</subfield></datafield><datafield ind1=" " ind2=" " tag="300"><subfield code="a">1 v.</subfield></datafield><datafield ind1=" " ind2=" " tag="310"><subfield code="a">Daily (except Sunday)</subfield></datafield><datafield ind1="1" ind2=" " tag="362"><subfield code="a">Began in 1857?</subfield></datafield><datafield ind1="0" ind2=" " tag="362"><subfield code="a">-v. 2, no. 10 (Feb. 12, 1857).</subfield></datafield><datafield ind1=" " ind2=" " tag="500"><subfield code="a">"Newburgh" appears within masthead ornament.</subfield></datafield><datafield ind1=" " ind2=" " tag="588"><subfield code="a">Description based on: Vol. 2, no. 1 (Feb. 2, 1857).</subfield></datafield><datafield ind1=" " ind2="0" tag="651"><subfield code="a">Newburgh (N.Y.)</subfield><subfield code="v">Newspapers.</subfield></datafield><datafield ind1=" " ind2="7" tag="655"><subfield code="a">Newspapers.</subfield><subfield code="2">fast</subfield><subfield code="0">(OCoLC)fst01423814</subfield></datafield><datafield ind1=" " ind2="7" tag="651"><subfield code="a">New York (State)</subfield><subfield code="z">Newburgh.</subfield><subfield code="2">fast</subfield><subfield code="0">(OCoLC)fst01215294</subfield></datafield><datafield ind1=" " ind2=" " tag="752"><subfield code="a">United States</subfield><subfield code="b">New York</subfield><subfield code="c">Orange</subfield><subfield code="d">Newburgh.</subfield></datafield><datafield ind1="0" ind2="0" tag="780"><subfield code="t">Newburgh evening news</subfield><subfield code="w">(DLC)sn 83031459</subfield><subfield code="w">(OCoLC)9857806</subfield></datafield><datafield ind1="0" ind2="0" tag="785"><subfield code="t">Daily news (Newburgh, N.Y.)</subfield><subfield code="w">(DLC)sn 83031342</subfield><subfield code="w">(OCoLC)9841247</subfield></datafield></record>